@incollection{Bengio+chapter2007,
author = {Bengio, Yoshua and LeCun, Yann},
booktitle = {Large Scale Kernel Machines},
publisher = {MIT Press},
title = {Scaling Learning Algorithms Towards {AI}},
year = {2007}
}

@article{Hinton06,
author = {Hinton, Geoffrey E. and Osindero, Simon and Teh, Yee Whye},
journal = {Neural Computation},
pages = {1527--1554},
title = {A Fast Learning Algorithm for Deep Belief Nets},
volume = {18},
year = {2006}
}

@book{goodfellow2016deep,
title={Deep learning},
author={Goodfellow, Ian and Bengio, Yoshua and Courville, Aaron and Bengio, Yoshua},
volume={1},
year={2016},
publisher={MIT Press}
}

@misc{liu2023plan,
  title         = {{Plan, Verify and Switch: Integrated Reasoning with Diverse X-of-Thoughts}},
  author        = {Tengxiao Liu and Qipeng Guo and Yuqing Yang and Xiangkun Hu and Yue Zhang and Xipeng Qiu and Zheng Zhang},
  year          = {2023},
  eprint        = {2310.14628},
  archiveprefix = {arXiv},
  primaryclass  = {cs.CL},
  note          = {arXiv:2310.14628 [cs.CL]}
}

@misc{cobbe2021training,
  title         = {{Training Verifiers to Solve Math Word Problems}},
  author        = {Karl Cobbe and Vineet Kosaraju and Mohammad Bavarian and Mark Chen and Heewoo Jun and Lukasz Kaiser and Matthias Plappert and Jerry Tworek and Jacob Hilton and Reiichiro Nakano and Christopher Hesse and John Schulman},
  year          = {2021},
  eprint        = {2110.14168},
  archiveprefix = {arXiv},
  primaryclass  = {cs.LG},
  note          = {arXiv:2110.14168 [cs.LG]}
}

@misc{microsoft2023phi2,
  author = {Microsoft and Mojan Javaheripi and SÃ©bastien Bubeck},
  title  = {{Phi-2: The Surprising Power of Small Language Models}},
  year   = {2023},
  note   = {URL: \url{https://www.microsoft.com/en-us/research/blog/phi-2-the-surprising-power-of-small-language-models/}}
}

@misc{deepseekai2024deepseek,
  title         = {{DeepSeek LLM: Scaling Open-Source Language Models with Longtermism}},
  author        = {DeepSeek-AI and Xiao Bi and Deli Chen and Guanting Chen and Shanhuang Chen and Damai Dai and Chengqi Deng and Honghui Ding and Kai Dong and Qiushi Du and Zhe Fu and Huazuo Gao and Kaige Gao and Wenjun Gao and Ruiqi Ge and Kang Guan and Daya Guo and Jianzhong Guo and Guangbo Hao and Zhewen Hao and Ying He and Wenjie Hu and Panpan Huang and Erhang Li and Guowei Li and Jiashi Li and Yao Li and Y. K. Li and Wenfeng Liang and Fangyun Lin and A. X. Liu and Bo Liu and Wen Liu and Xiaodong Liu and Xin Liu and Yiyuan Liu and Haoyu Lu and Shanghao Lu and Fuli Luo and Shirong Ma and Xiaotao Nie and Tian Pei and Yishi Piao and Junjie Qiu and Hui Qu and Tongzheng Ren and Zehui Ren and Chong Ruan and Zhangli Sha and Zhihong Shao and Junxiao Song and Xuecheng Su and Jingxiang Sun and Yaofeng Sun and Minghui Tang and Bingxuan Wang and Peiyi Wang and Shiyu Wang and Yaohui Wang and Yongji Wang and Tong Wu and Y. Wu and Xin Xie and Zhenda Xie and Ziwei Xie and Yiliang Xiong and Hanwei Xu and R. X. Xu and Yanhong Xu and Dejian Yang and Yuxiang You and Shuiping Yu and Xingkai Yu and B. Zhang and Haowei Zhang and Lecong Zhang and Liyue Zhang and Mingchuan Zhang and Minghua Zhang and Wentao Zhang and Yichao Zhang and Chenggang Zhao and Yao Zhao and Shangyan Zhou and Shunfeng Zhou and Qihao Zhu and Yuheng Zou},
  year          = {2024},
  eprint        = {2401.02954},
  archiveprefix = {arXiv},
  primaryclass  = {cs.CL}, 
  note          = {arXiv:2401.02954 [cs.CL]}
}

@misc{queensu_metacognition,
  author  = {{Queen's University Canada}},
  title   = {Metacognition},
  note    = {URL: \url{https://www.queensu.ca/teachingandlearning/modules/students/24_metacognition.html}},
}

@article{wang2023metacognitive,
  title   = {Metacognitive Prompting Improves Understanding in Large Language Models},
  author  = {Wang, Yuqing and Zhao, Yun},
  journal = {arXiv preprint arXiv:2308.05342},
  year    = {2023}
}
